<record><leader>00000cas a22000007a 4500</leader><controlfield tag="001">15244538</controlfield><controlfield tag="008">870226d18611861wiudn ne      0    0eng d</controlfield><datafield ind1=" " ind2=" " tag="010"><subfield code="a">sn 87082098 </subfield></datafield><datafield ind1=" " ind2=" " tag="040"><subfield code="a">NPV</subfield><subfield code="b">eng</subfield><subfield code="c">NPV</subfield><subfield code="d">OCL</subfield><subfield code="d">OCLCQ</subfield></datafield><datafield ind1=" " ind2=" " tag="042"><subfield code="a">msc</subfield></datafield><datafield ind1="0" ind2=" " tag="130"><subfield code="a">Daily northwestern (Oshkosh, Wis. : 1861)</subfield></datafield><datafield ind1="1" ind2="0" tag="245"><subfield code="a">Daily northwestern.</subfield></datafield><datafield ind1="3" ind2="0" tag="246"><subfield code="a">Northwestern</subfield></datafield><datafield ind1=" " ind2=" " tag="260"><subfield code="a">Oshkosh, Wis. :</subfield><subfield code="b">[C.R. Nevitt &amp; Co.],</subfield><subfield code="c">1861-1861.</subfield></datafield><datafield ind1=" " ind2=" " tag="300"><subfield code="a">v.</subfield></datafield><datafield ind1=" " ind2=" " tag="310"><subfield code="a">Daily (except Sunday)</subfield></datafield><datafield ind1="0" ind2=" " tag="362"><subfield code="a">Vol. 1, no. 1 (Jan. 12, 1861)-v. 1, no. 195 (Aug. 28, 1861).</subfield></datafield><datafield ind1=" " ind2=" " tag="580"><subfield code="a">Issued also in a weekly edition called : The Northwestern.</subfield></datafield><datafield ind1="1" ind2=" " tag="700"><subfield code="a">Nevitt, Charles R.</subfield></datafield><datafield ind1=" " ind2=" " tag="752"><subfield code="a">United States</subfield><subfield code="b">Wisconsin</subfield><subfield code="c">Winnebago</subfield><subfield code="d">Oshkosh.</subfield></datafield><datafield ind1="1" ind2=" " tag="775"><subfield code="t">Northwestern (Oshkosh, Wis. : 1860)</subfield><subfield code="w">(DLC)sn 85041590</subfield></datafield><datafield ind1="1" ind2=" " tag="029"><subfield code="a">AU@</subfield><subfield code="b">000025816078</subfield></datafield></record>